@article{Moutinho12,
  author  = "Nuno Moutinho and Martim Brandao and Ricardo Ferreira and José António Gaspar and Alexandre Bernardino and Atsuo Takanishi and José Santos-Victor",
  title   = "Online calibration of a humanoid robot head from relative encoders, IMU readings and visual data",
  journal = "Intelligent Robots and Systems (IROS), 2012 IEEE/RSJ International Conference on",
  year    = "2012"
}

@article{Heng13,
  author  = "Lionel Heng and Bo Li and Marc Pollefeys",
  title   = "A Multiple-Camera System Calibration Toolbox Using A Feature Descriptor-Based Calibration Pattern",
  journal = "Intelligent Robots and Systems (IROS), 2013 IEEE/RSJ International Conference on",
  year    = "2013"
}

@article{Pelczynski13,
  author  = "Pawel Pelczynski and Bartosz Ostrowski",
  title   = "Automatic Calibration of Stereoscopic Cameras in an Electronic Travel Aid for the Blind",
  journal = "Metrology and Measurement Systems",
  year    = "2013",
  volume  = "20",
  pages   = "229-238"
}

@article{Hartley97,
  author  = "Richard I. Hartley",
  title   = "In Defense of the Eight-Point Algorithm",
  journal = "IEEE Transactions on Pattern Analysis and Machine Intelligence",
  year    = "1997",
  volume  = "19"
}

@article{Welke08,
  author  = "Welke, Kai and Przybylski, Markus and Asfour, Tamim and Dillmann, Rüdiger",
  title   = "Kinematic Calibration for Saccadic Eye Movements",
  journal = "Technical Report, U. Karlsruhe",
  year    = "2008"
}

@article{Furukawa09,
  author  = "Furukawa, Y. and Ponce, J.",
  title   = "Accurate Camera Calibration from Multi-View Stereo and Bundle Adjustment",
  journal = "International Journal of Computer Vision",
  year    = "2009",
  volume  = "84",
  number  = "3",
  pages   = "257-268"
}

@phdthesis{Soatto96,
  author = " S. Soatto",
  title  = "A geometric framework for dynamic vision",
  school = " California Institute of Technology",
  year   = "1996"
}

@article{Hansen12,
  author  = "Peter Hansen and Hatem Alismail and Peter Rander and Brett Browning",
  title   = "Online Continuous Stereo Extrinsic Parameter Estimation",
  journal = "IEEE Conference on Computer Vision and Pattern Recognition (CVPR)",
  year    = "2012",
  volume  = "17",
  number  = "2",
  pages   = "234-238"
}

@article{Knorr13,
  author  = "Moritz Knorr and Wolfgang Niehsen and Christoph Stiller",
  title   = "Online Extrinsic Multi-Camera Calibration Using Ground Plane Induced Homographies",
  journal = "IEEE Intelligent Vehicles Symposium",
  year    = "2013"
}

@article{Warren13,
  author  = "Michael Warren and David McKinnon and Ben Upcroft",
  title   = "Online Calibration of Stereo Rigs for Long-Term Autonomy",
  journal = "IEEE International Conference on Robotics and Automation (ICRA)",
  year    = "2013"
}

@misc{Bouguet08,
  author = "Bouguet, J.Y.",
  title  = "Camera Calibration Toolbox for Matlab",
  year   = "2008"
}

@article{Beira06,
author = {Beira, R. and Lopes, M. and Praca, M. and Santos-Victor, J. and Bernardino, A. and Metta, G. and Becchi, F. and Saltarn, R.},
title = {Design of the robot-cub (iCub) head},
journal ={IEEE International Conference on Robotics and Automation, ICRA 2006},
year = {May 2006},
}

@article{Santos10,
author = {Santos, J. and Bernardino, A. and Santos-Victor, J.},
title = {Sensor-Based Self-Calibration of the iCub's Head},
journal ={IEEE/RSJ International Conference on Intelligent Robots and Systems, IROS 2010},
year = {2010},
}

@article{Tworek08,
author = {Tworek, B. and Bernardino, A. and Santos-Victor, J.},
title = {Visual self-calibration of pan-tilt kinematics structures},
journal ={Proc. of the 8th Conference on Autonomous Robot Systems and Competitions, ROBOTICA 2008},
year = {April 2008},
}

@inproceedings{Broyden65,
author = {Broyden, G.},
booktitle = {Mathematics of Computation},
volume = {19},
pages = {577--593},
title = {A Class of Methods for Solving Nonlinear Simultaneous Equations},
year = {October 1965},
}

@article{Steffen08,
author = {Steffen, R.},
title = {A Robust Iterative Kalman Filter Based On Implicit Measurement Equations},
year = {2008},
masid = {13244520},
}

@article{Hersch08,
author    = {Micha Hersch and Eric L. Sauser and Aude Billard},
title     = {Online Learning of the Body Schema},
journal   = {I. J. Humanoid Robotics},
volume    = {5},
number    = {2},
year      = {2008},
pages     = {161-181}
}

@ARTICLE{Harris88,
author = {Chris Harris and Mike Stephens},
title = {A Combined Corner and Edge Detector},
journal = {The Plessey Company},
year = {1988},
pages = {147-152}
}

@article{Asada09,
title = {Cognitive Developmental Robotics: A Survey},
author = {Minoru Asada and Koh Hosoda and Yasuo Kuniyoshi and Hiroshi Ishiguro and Toshio Inui and Yuichiro Yoshikawa and Masaki Ogino and Chisato Yoshida},
journal = {IEEE T. Autonomous Mental Development},
number = 1,
pages = {12-34},
volume = 1,
year = 2009
}

@article{Hoffmann10,
title = {{Body schema in robotics: a review}},
author = {Matej Hoffmann and Hugo Marques and Alejandro Hernandez Arieta and Hidenobu Sumioka and Max Lungarella and Rolf Pfeifer},
year = {2010},
journal = {IEEE Trans. Auton. Mental Develop.},
pages = {304-324},
volume = {2},
number = {4},
month = {December}
}

@inproceedings{Berthoz02,
author = {Berthoz, A.},
booktitle = {{The sense of movement}},
publisher = {Harvard University Press},
year = {2002}
}

@inproceedings{Wolpert98,
author = {Wolpert, D.M. and Miall, D.J. and Kawato, M.},
booktitle = {Trends in Cognitive Sciences},
volume = {2(9)},
pages = {338--347},
title = {{Internal Models in the celebellum}},
year = {1998}
}

@article{Wolpert01,
  author = {Wolpert, D. M. and Ghahramani, Z. and Flanagan, J. R.},
  journal = {Trends in Cognitive Sciences},
  pages = {487-494},
  title = {Perspectives and problems in motor learning},
  volume = 5,
  year = 2001
}

@article{Datteri03,
  author = {Datteri, E. and et al.},
  journal = {IEEE/RSJ International Conference on Intelligent Robots and Systems},
  pages = {934-939},
  title = {Expected perception: an anticipation-based perception-action scheme in robots},
  volume = 1,
  year = 2003
}

@article{Laschi07,
author={Laschi, Cecilia and Asuni, Gioel and Guglielmelli, Eugenio and Teti, Giancarlo and Johansson, Roland and Konosu, Hitoshi and Wasik, Zbigniew and Carrozza, Maria Chiara
and Dario, Paolo},
title={A bio-inspired predictive sensory-motor coordination scheme for robot reaching and preshaping},
journal={Autonomous Robots},
year="2007",
volume="25",
number="1",
pages="85--101"
}

@article{Moutinho11,
  author = {Moutinho, N. and et al.},
  journal = {IEEE/RSJ International Conference on Intelligent Robots and Systems},
  pages = {4826-4831},
  title = {An expected perception architecture using visual 3D reconstruction for a humanoid robot},
  year = 2011
}

@INPROCEEDINGS{Cantin10,
  author = {Ruben Cantin-Martinez and Manuel Lopes and Luis Montesano},
  title = {Body Schema Acquisition through Active Learning},
  booktitle = {IEEE International Conference on Robotics and Automation},
  year = {2010},
  address = {Alaska, USA}
}

@article{Webb07,
  author = {Thomas P. Webb and Richard J. Prazenica and Andrew J. Kurdila and Rick Lind},
  journal = {Journal of Guidance, Control, and Dynamics},
  pages = {816-826},
  title = {Vision-Based State Estimation for Autonomous Micro Air Vehicles},
  year = 2007,
  volume = 30
}

@article{Lowe04,
 author = {Lowe, David G.},
 title = {Distinctive Image Features from Scale-Invariant Keypoints},
 journal = {Int. J. Comput. Vision},
 issue_date = {November 2004},
 volume = {60},
 number = {2},
 month = nov,
 year = {2004},
 issn = {0920-5691},
 pages = {91--110},
 numpages = {20}
}

@inproceedings{Shi94,
   author = "Jianbo Shi and Carlo Tomasi",
   title = "Good Features to Track",
   booktitle = "1994 IEEE Conference on Computer Vision and Pattern Recognition (CVPR'94)",
   pages = "593 - 600",
   year = "1994",
}

@article{Moutinho14,
  author = {Moutinho, N. and et al.},
  journal = {4th International Conference on Development and Learning and on Epigenetic Robotics},
  pages = {454-460},
  title = {Markerless online stereo calibration for a humanoid robot},
  year = 2014
}

@Book{Hartley04, 
    author = "Hartley, R.~I. and Zisserman, A.",
    title = "Multiple View Geometry in Computer Vision",
    edition = "Second",
    year = "2004",
    publisher = "Cambridge University Press, ISBN: 0521540518"
}

@book{Duda01,
  author = {Duda, R.O. and Hart, P.E. and Stork, D.G.},
  publisher = {Wiley},
  timestamp = {2010-02-27T01:05:21.000+0100},
  title = {Pattern Classification},
  year = 2001
}

@article{Hamming50,
    author = {Hamming, Rw},
    journal = {Bell System Technical Journal},
    number = {2},
    pages = {147--160},
    posted-at = {2007-09-18 01:41:00},
    title = {{Error Detecting and Error Correcting Codes}},
    volume = {26},
    year = {1950}
}

@article{Ribeiro04,
    author = {Ribeiro, M.},
    journal = {Robotics WEBook, Instituto de Sistemas e Robotica, Instituto Superio Tecnico, Technical Notes},
    title = {{Kalman and Extended Kalman Filters: Concept, Derivation and Properties}},
    year = {2004}
}

@article{Fanello14,
  author = {Fanello, S.R. and et al.},
  journal = {14th IEEE-RAS International Conference on Humanoid Robots},
  pages = {1028-1035},
  title = {3D stereo estimation and fully automated learning of eye-hand coordination in humanoid robots},
  year = 2014
}

@inproceedings{Metta08,
 author = {Metta, Giorgio and Sandini, Giulio and Vernon, David and Natale, Lorenzo and Nori, Francesco},
 title = {The iCub Humanoid Robot: An Open Platform for Research in Embodied Cognition},
 booktitle = {Proceedings of the 8th Workshop on Performance Metrics for Intelligent Systems},
 series = {PerMIS '08},
 year = {2008},
 pages = {50--56},
 numpages = {7}
}

@article{Hirschmuller08,
 author = {Hirschmuller, Heiko},
 title = {Stereo Processing by Semiglobal Matching and Mutual Information},
 journal = {IEEE Trans. Pattern Anal. Mach. Intell.},
 issue_date = {February 2008},
 volume = {30},
 number = {2},
 month = feb,
 year = {2008},
 pages = {328--341},
 numpages = {14},
 publisher = {IEEE Computer Society}
}

@article{Rodrigues40,
author = {Rodrigues},
journal = {Journal de Mathématiques Pures et Appliquées},
pages = {380-440},
title = {Des lois géométriques qui régissent les déplacements d'un système solide dans l'espace, et de la variation des coordonnées provenant de ces déplacements considérés indépendamment des causes qui peuvent les produire.},
year = {1840},
}

@article{Miall93,
author = {Miall, RC. and Weir, DJ. and Wolpert, Daniel M. and Stein, JF.},
journal = {Journal of Motor Behavior},
pages = {203-216},
volume = {25},
title = {Is the cerebellum a smith predictor?},
year = {1993},
}

@InProceedings{Fleming06,
  author = 	 {K. A. Fleming and R. A. {Peters II} and B. Bodenheimer},
  title = 	 {Image Mapping and Visual Attention on a Sensory Ego-Sphere},
  booktitle =	 {Proceddings IEEE/RSJ Conference on Intelligent Robotic Systems (IROS)},
  year =	 {2006}
}

@Article{Peters08,
    author="Peters, Richard Alan
    and Hambuchen, Kimberly A.
    and Bodenheimer, Robert E.",
    title="The sensory ego-sphere: a mediating interface between sensors and cognition",
    journal="Autonomous Robots",
    year="2008",
    volume="26",
    number="1",
    pages="1--19"
}

@article{Opencv00,
    author = {Bradski, G.},
    citeulike-article-id = {2236121},
    journal = {Dr. Dobb's Journal of Software Tools},
    keywords = {bibtex-import},
    posted-at = {2008-01-15 19:21:54},
    priority = {4},
    title = {OpenCV - Open Source Computer Vision},
    year = {2000}
}

@ARTICLE{Vicente16,
    AUTHOR={Vicente, Pedro  and  Jamone, Lorenzo  and  Bernardino, Alexandre},     
    TITLE={Online body schema adaptation based on internal mental simulation and multisensory feedback},      
    JOURNAL={Frontiers in Robotics and AI},      
	VOLUME={3},      
	YEAR={2016},      
	NUMBER={7},     
	DOI={10.3389/frobt.2016.00007},      
	ISSN={2296-9144}
}

@ARTICLE{Soatto96b,
    AUTHOR={Soatto, S.  and  Frezza, R.  and  Perona, P.},     
    TITLE={Motion estimation via dynamic vision},      
    JOURNAL={In IEEE Transactions on Automatic Control},
	YEAR={1996}
}

@article{Yarp06,
    author = {Metta, G. and Fitzpatrick, P. and Natale, L.},
    journal = {International Journal on Advanced Robotics Systems},
    title = {YARP - Yet Another Robot Platform},
    year = {2006}
}

@proceeding{Briechle01,
author = {Briechle, Kai and Hanebeck, Uwe D.},
title = {Template matching using fast normalized cross correlation},
journal = {Proc. SPIE},
volume = {4387},
number = {},
pages = {95-102},
year = {2001}
}

@book{Furht03,
 author = {Furht, Borko and Marques, Oge},
 title = {Handbook of Video Databases: Design and Applications},
 year = {2003},
 isbn = {084937006X},
 edition = {1},
 publisher = {CRC Press, Inc.},
 address = {Boca Raton, FL, USA},
}

@Book{Hostetler94,
  author =       "D. Hostetler and E. Larson",
  title =        "Precalculus: A Concise Course",
  publisher =    "Houghton Mifflin Co.",
  year =         "1994",
  ISBN =         "0-618-62719-7",
}

@MISC{Fusiello99,
    author = {Andrea Fusiello and Emanuele Trucco and Alessandro Verri and Ro Verri},
    title = {A Compact Algorithm for Rectification of Stereo Pairs},
    year = {1999}
}

@InProceedings{Roncone14,
  author = 	 {Roncone A. and Hoffmann M. and Pattacini U. and Metta G.},
  title = 	 {Automatic kinematic chain calibration using artificial skin: self-touch in the iCub humanoid robot},
  booktitle =	 {IEEE International Conference on Robotics and Automation (ICRA)},
  year =	 {2014}
}